<?xml version="1.0" encoding="UTF-8" ?><xb:digital_entity_call xmlns:xb="http://com/exlibris/digitool/repository/api/xmlbeans"><xb:digital_entity><pid>42749</pid><control><label>Indikativní plánování ve Francii</label><note>FSV_IES</note><ingest_id xsi:nil="true" xmlns:xsi="http://www.w3.org/2001/XMLSchema-instance"/><ingest_name xsi:nil="true" xmlns:xsi="http://www.w3.org/2001/XMLSchema-instance"/><entity_type xsi:nil="true" xmlns:xsi="http://www.w3.org/2001/XMLSchema-instance"/><entity_group xsi:nil="true" xmlns:xsi="http://www.w3.org/2001/XMLSchema-instance"/><usage_type>VIEW</usage_type><preservation_level>any</preservation_level><partition_a xsi:nil="true" xmlns:xsi="http://www.w3.org/2001/XMLSchema-instance"/><partition_b>ckis_ok</partition_b><partition_c xsi:nil="true" xmlns:xsi="http://www.w3.org/2001/XMLSchema-instance"/><status xsi:nil="true" xmlns:xsi="http://www.w3.org/2001/XMLSchema-instance"/><creation_date>2008-10-13 11:49:23</creation_date><creator>super:STRUNCOV</creator><modification_date>2018-01-30 15:52:26</modification_date><modified_by>super:DUVT</modified_by><admin_unit>DUR01</admin_unit></control><mds><md shared="false"><mid>69141</mid><description xsi:nil="true" xmlns:xsi="http://www.w3.org/2001/XMLSchema-instance"/><name>changehistory</name><type>changehistory_md</type><value><![CDATA[<xb:history xmlns:xb="http://com/exlibris/digitool/repository/api/xmlbeans"><events><event xmlID="1"><eventIdentifier><eventIdentifierType>Service</eventIdentifierType><eventIdentifierValue>TechnicalMetadataExtractor</eventIdentifierValue></eventIdentifier><eventType>Technical Metadata Extraction</eventType><eventDateTime>2008-10-13T12:13:20.473+02:00</eventDateTime><eventDetail>Add some metadata to the digital entity using jhove</eventDetail><linkingAgentIdentifier><linkingAgentIdentifierType>software_used</linkingAgentIdentifierType><linkingAgentIdentifierValue>JHove</linkingAgentIdentifierValue></linkingAgentIdentifier></event></events></xb:history>]]></value></md><md shared="false"><mid>69144</mid><description> </description><name>descriptive</name><type>marc</type><value><![CDATA[<record xmlns="http://www.loc.gov/MARC21/slim" xmlns:xsi="http://www.w3.org/2001/XMLSchema-instance" xsi:schemaLocation="http://www.loc.gov/MARC21/slim http://www.loc.gov/standards/marcxml/schema/MARC21slim.xsd"><leader>03611ntm^a22004217a^4500</leader><controlfield tag="FMT">BK</controlfield><controlfield tag="001">fsv299386</controlfield><controlfield tag="003">CZ PrCU</controlfield><controlfield tag="005">20081013114854.0</controlfield><controlfield tag="008">031212s2003^^^^xr^|||||^|||||^|||||cze|d</controlfield><datafield tag="040" ind1=" " ind2=" "><subfield code="a">ABD103</subfield><subfield code="b">cze</subfield><subfield code="c">ABD103</subfield><subfield code="d">ABD103</subfield></datafield><datafield tag="100" ind1="1" ind2=" "><subfield code="a">Nachtmannová, Marta,</subfield><subfield code="d">1977-</subfield><subfield code="7">mzk2006354074</subfield><subfield code="4">dis</subfield></datafield><datafield tag="245" ind1="1" ind2="0"><subfield code="a">Indikativní plánování ve Francii</subfield><subfield code="h">[rukopis] :</subfield><subfield code="b">(a jeho vliv na institucionalizaci EU) /</subfield><subfield code="c">Marta Nachtmannová ; konzultant Miron Tegze</subfield></datafield><datafield tag="246" ind1="3" ind2="3"><subfield code="a">Indicative Planning in France</subfield></datafield><datafield tag="246" ind1="3" ind2="3"><subfield code="a">Planification indicative en France</subfield></datafield><datafield tag="260" ind1=" " ind2=" "><subfield code="a">Praha,</subfield><subfield code="c">2003</subfield></datafield><datafield tag="300" ind1=" " ind2=" "><subfield code="a">130 listů :</subfield><subfield code="b">il., [19] listů příl.</subfield></datafield><datafield tag="500" ind1=" " ind2=" "><subfield code="a">Na konci diplomové práce její teze</subfield></datafield><datafield tag="502" ind1=" " ind2=" "><subfield code="a">Diplomová práce (Mgr.)--Univerzita Karlova. Fakulta sociálních věd. Institut ekonomických studií, 2003</subfield></datafield><datafield tag="504" ind1=" " ind2=" "><subfield code="a">Literatura a zdroje na listě 108-111</subfield></datafield><datafield tag="520" ind1=" " ind2=" "><subfield code="a">Indikativní plánování je zasazeno do širšího ekonomického, společenského, historického a kulturního kontextu, důraz je kladen na přiblížení francouzského ekonomického myšlení a dobového prostředí. Principy, metody, nástroje a instituce indikativního plánování prošly v letech 1946 až 2003 značným vývojem, charakterizovaným rostoucí decentralizací a posunem k tzv. strategickému plánování. Francie se musela vyrovnat zejména s omezenými možnostmi plánování v otevřené ekonomice. Specifický vývoj francouzské hospodářské politiky po druhé světové válce ovlivnil prostřednictvím role Francie při budování Evropské unie také instituce EU a principy jejích hospodářských politik.</subfield><subfield code="9">cze</subfield></datafield><datafield tag="520" ind1=" " ind2=" "><subfield code="a">Indicative planning is studied in wider economic, social, historical and cultural context with an emphasis on French economic thinking and historical circumstances. From 1946 to 2003, principles, methods, tools and institutions of indicative planning experienced an important evolution characterized by rising decentralization and a shift towards so called “strategic planning”. France had to cope especially with limited possibilities of planning in open economy. Through the role of France in construction of the European Union, specific evolution of French economic policy after WW2 influenced also institutions of the EU and principles of its economic policies.</subfield><subfield code="9">eng</subfield></datafield><datafield tag="520" ind1=" " ind2=" "><subfield code="a">La planification indicative est traitée dans un contexte économique, social, historique et culturel plus large, avec un appui sur la présentation de pensées économiques françaises et de conditions de l’époque. Entre 1946 et 2003, les principes, les méthodes, les outils ainsi que les institutions de la planification indicative ont vécu une évolution importante, caractérisée par la montée de la décentralisation et par le passage a la planification stratégique. La France devait balancer surtout les possibilités limités de la planification en économie ouverte. Par le rôle de la France dans le processus de la construction de l’Union européenne, l’évolution spécifiqe de la politique économique en France apres la 2e guerre mondiale a influencé aussi les institutions et les principes de politiques économiques de l’Union européenne.</subfield><subfield code="9">fre</subfield></datafield><datafield tag="650" ind1="0" ind2="7"><subfield code="a">Evropská unie</subfield><subfield code="2">fsv</subfield></datafield><datafield tag="650" ind1="0" ind2="7"><subfield code="a">Francie</subfield><subfield code="2">fsv</subfield></datafield><datafield tag="650" ind1="0" ind2="7"><subfield code="a">Institucionalizmus</subfield><subfield code="2">fsv</subfield></datafield><datafield tag="650" ind1="0" ind2="7"><subfield code="a">Myšlení ekonomické</subfield><subfield code="2">fsv</subfield></datafield><datafield tag="650" ind1="0" ind2="7"><subfield code="a">Plánování strategické</subfield><subfield code="2">fsv</subfield></datafield><datafield tag="650" ind1="0" ind2="7"><subfield code="a">Práce diplomové</subfield><subfield code="2">fsv</subfield></datafield><datafield tag="653" ind1=" " ind2=" "><subfield code="a">Ekonomika</subfield></datafield><datafield tag="653" ind1=" " ind2=" "><subfield code="a">Francie</subfield></datafield><datafield tag="653" ind1=" " ind2=" "><subfield code="a">Plánování</subfield></datafield><datafield tag="655" ind1=" " ind2="4"><subfield code="a">diplomové práce</subfield></datafield><datafield tag="700" ind1="1" ind2=" "><subfield code="a">Tegze, Miron,</subfield><subfield code="d">1954-</subfield><subfield code="7">jo2003197012</subfield><subfield code="4">oth</subfield></datafield><datafield tag="710" ind1="2" ind2=" "><subfield code="a">Univerzita Karlova.</subfield><subfield code="b">Institut ekonomických studií</subfield><subfield code="7">xx0005480</subfield></datafield><datafield tag="980" ind1=" " ind2=" "><subfield code="a">application.pdf</subfield></datafield><datafield tag="981" ind1=" " ind2=" "><subfield code="a">dp</subfield></datafield><datafield tag="910" ind1=" " ind2=" "><subfield code="a">ABD103</subfield></datafield><controlfield tag="998">000299386</controlfield><datafield tag="SID" ind1=" " ind2=" "><subfield code="a">Z39</subfield><subfield code="b">CKS01</subfield></datafield></record>]]></value></md><md shared="false"><mid>2082304</mid><description xsi:nil="true" xmlns:xsi="http://www.w3.org/2001/XMLSchema-instance"/><name>technical</name><type>text_md</type><value><![CDATA[<?xml version="1.0" encoding="UTF-8"?>
<textmd:textMD xmlns:textmd="http://www.loc.gov/METS/" xmlns:jhove="http://hul.harvard.edu/ois/xml/ns/jhove" xmlns:xsi="http://www.w3.org/2001/XMLSchema-instance" xmlns="http://www.loc.gov/METS/" xsi:schemaLocation="http://www.loc.gov/METS http://dlib.nyu.edu/METS/textmd.xsd">
<textmd:encoding QUALITY="1">
<textmd:encoding_software/>
<textmd:encoding_platform linebreak=""/>
<textmd:encoding_software/>
<textmd:encoding_agent role=""/>
</textmd:encoding>
<textmd:character_info>
<textmd:charset/>
<textmd:byte_order/>
<textmd:character_size encoding=""/>
<textmd:linebreak/>
</textmd:character_info>
<textmd:language/>
<textmd:alt_language authority=""/>
<textmd:font_script/>
<textmd:markup_basis version=""/>
<textmd:markup_language version=""/>
<textmd:processingNote/>
<textmd:printRequirements/>
<textmd:textNote/>
<textmd:viewingRequirements/>
<textmd:file>
<textmd:fileSize>803308</textmd:fileSize>
<textmd:checksum>
<textmd:checksumMethod>CRC32</textmd:checksumMethod>
<textmd:checksumValue>33f2914e</textmd:checksumValue>
</textmd:checksum>
<textmd:checksum>
<textmd:checksumMethod>MD5</textmd:checksumMethod>
<textmd:checksumValue>2ff1e43825d786ef0c8bcb27b848c25b</textmd:checksumValue>
</textmd:checksum>
<textmd:checksum>
<textmd:checksumMethod>SHA-1</textmd:checksumMethod>
<textmd:checksumValue>e6390f3ee3f3d30371ea7bbf4fede70172506a16</textmd:checksumValue>
</textmd:checksum>
<textmd:mimeType>application/octet-stream</textmd:mimeType>
<textmd:extension/>
</textmd:file>
</textmd:textMD>
]]></value></md><md shared="true"><mid>309063</mid><description> </description><name>accessrights</name><type>rights_md</type><value><![CDATA[<?xml version="1.0" encoding="UTF-8"?><ar:access_right_md xmlns:ar="http://com/exlibris/digitool/repository/api/xmlbeans" enabled="true">	<ar_copyrights required="true">		<text_file>licence</text_file>	</ar_copyrights>	<ar_conditions>		<ar_condition negate="false">			<ar_expressions>				<ar_expression negate="false" ar_operation="within">					<key>ip_range</key>					<val1>195.113.89.0</val1>					<val2>195.113.93.255</val2>				</ar_expression>			</ar_expressions>		</ar_condition>		<ar_condition negate="false">			<ar_expressions>				<ar_expression negate="false" ar_operation="within">					<key>ip_range</key>					<val1>195.113.0.0</val1>					<val2>195.113.66.255</val2>				</ar_expression>			</ar_expressions>		</ar_condition>		<ar_condition negate="false">			<ar_expressions>				<ar_expression negate="false" ar_operation="within">					<key>ip_range</key>					<val1>78.128.160.0</val1>					<val2>78.128.207.255</val2>				</ar_expression>			</ar_expressions>		</ar_condition>		<ar_condition negate="false">			<ar_expressions>				<ar_expression negate="false" ar_operation="within">					<key>ip_range</key>					<val1>195.113.0.0</val1>					<val2>195.113.69.255</val2>				</ar_expression>			</ar_expressions>		</ar_condition>		<ar_condition negate="false">			<ar_expressions>				<ar_expression negate="false" ar_operation="within">					<key>ip_range</key>					<val1>195.113.114.0</val1>					<val2>195.113.117.255</val2>				</ar_expression>			</ar_expressions>		</ar_condition>		<ar_condition negate="false">			<ar_expressions>				<ar_expression negate="false" ar_operation="within">					<key>ip_range</key>					<val1>195.113.130.0</val1>					<val2>195.113.131.255</val2>				</ar_expression>			</ar_expressions>		</ar_condition>		<ar_condition negate="false">			<ar_expressions>				<ar_expression negate="false" ar_operation="within">					<key>ip_range</key>					<val1>195.113.149.132</val1>					<val2>195.113.149.135</val2>				</ar_expression>			</ar_expressions>		</ar_condition>		<ar_condition negate="false">			<ar_expressions>				<ar_expression negate="false" ar_operation="within">					<key>ip_range</key>					<val1>195.113.149.176</val1>					<val2>195.113.149.183</val2>				</ar_expression>			</ar_expressions>		</ar_condition>		<ar_condition negate="false">			<ar_expressions>				<ar_expression negate="false" ar_operation="within">					<key>ip_range</key>					<val1>195.113.187.240</val1>					<val2>195.113.187.251</val2>				</ar_expression>			</ar_expressions>		</ar_condition>		<ar_condition negate="false">			<ar_expressions>				<ar_expression negate="false" ar_operation="within">					<key>ip_range</key>					<val1>195.113.189.0</val1>					<val2>195.113.189.255</val2>				</ar_expression>			</ar_expressions>		</ar_condition>		<ar_condition negate="false">			<ar_expressions>				<ar_expression negate="false" ar_operation="within">					<key>ip_range</key>					<val1>195.113.223.0</val1>					<val2>195.113.223.255</val2>				</ar_expression>			</ar_expressions>		</ar_condition>		<ar_condition negate="false">			<ar_expressions>				<ar_expression negate="false" ar_operation="within">					<key>ip_range</key>					<val1>195.113.229.0</val1>					<val2>195.113.229.255</val2>				</ar_expression>			</ar_expressions>		</ar_condition>		<ar_condition negate="false">			<ar_expressions>				<ar_expression negate="false" ar_operation="within">					<key>ip_range</key>					<val1>195.113.236.0</val1>					<val2>195.113.236.255</val2>				</ar_expression>			</ar_expressions>		</ar_condition>		<ar_condition negate="false">			<ar_expressions>				<ar_expression negate="false" ar_operation="within">					<key>bor_tuples_m</key>					<val1>student</val1>				</ar_expression>			</ar_expressions>		</ar_condition>		<ar_condition negate="false"><ar_expressions><ar_expression negate="false" ar_operation="within"><key>ip_range</key><val1>78.128.2014.96</val1><val2>78.128.214.111</val2></ar_expression></ar_expressions></ar_condition><ar_condition negate="false"><ar_expressions><ar_expression negate="false" ar_operation="within"><key>ip_range</key><val1>193.84.53.0</val1><val2>193.84.53.255</val2></ar_expression></ar_expressions></ar_condition><ar_condition negate="false"><ar_expressions><ar_expression negate="false" ar_operation="within"><key>ip_range</key><val1>78.128.208.0</val1><val2>78.128.209.127</val2></ar_expression></ar_expressions></ar_condition><ar_condition negate="false"><ar_expressions><ar_expression negate="false" ar_operation="within"><key>ip_range</key><val1>78.128.214.66</val1><val2>78.128.214.67</val2></ar_expression></ar_expressions></ar_condition><ar_condition negate="false"><ar_expressions><ar_expression negate="false" ar_operation="within"><key>ip_range</key><val1>195.113.245.0</val1><val2>195.113.245.255</val2></ar_expression></ar_expressions></ar_condition><ar_condition negate="false"><ar_expressions><ar_expression negate="false" ar_operation="within"><key>ip_range</key><val1>195.113.180.160</val1><val2>195.113.180.167</val2></ar_expression></ar_expressions></ar_condition><ar_condition negate="false"><ar_expressions><ar_expression negate="false" ar_operation="within"><key>ip_range</key><val1>193.84.55.0</val1><val2>193.84.63.255</val2></ar_expression></ar_expressions></ar_condition></ar_conditions></ar:access_right_md>]]></value></md><md shared="false"><mid>253761</mid><description xsi:nil="true" xmlns:xsi="http://www.w3.org/2001/XMLSchema-instance"/><name>preservation</name><type>preservation_md</type><value><![CDATA[<object xmlns="http://www.loc.gov/standards/premis">
  <objectIdentifier>
    <objectIdentifierType>handle</objectIdentifierType>
    <objectIdentifierValue>123.45/5408</objectIdentifierValue>
  </objectIdentifier>
</object>]]></value></md></mds><relations><relation><type>manifestation</type><pid>42758</pid></relation><relation><type>manifestation</type><pid>42759</pid></relation></relations><stream_ref><file_name>42749_Nachtmannova_DP_2003_IES.pdf</file_name><file_extension>pdf</file_extension><mime_type>application/pdf</mime_type><directory_path>/exlibris/dtl/j3_1/digitool/home/system/bin/../../profile/storage/2008/10/13/file_1/42749</directory_path><file_id xsi:nil="true" xmlns:xsi="http://www.w3.org/2001/XMLSchema-instance"/><storage_id>1000</storage_id><external_type>-1</external_type><file_size_bytes>803308</file_size_bytes></stream_ref></xb:digital_entity></xb:digital_entity_call>